@article{broman2003simulation,
  title={Simulation-based {P} values: Response to {N}orth et al},
  author={Broman, K and Caffo, B},
  journal={The American Journal of Human Genetics},
  volume={72},
  number={2},
  pages={496--496},
  year={2003},
  publisher={Elsevier}
}


@article {ANA:ANA22662,
author = {Krauss, Gregory L. and Caffo, Brian and Hendrix, Craig W.},
title = {Reply to {B}oylan et al},
journal = {Annals of Neurology},
publisher = {Wiley Subscription Services, Inc., A Wiley Company},
issn = {1531-8249},
url = {http://dx.doi.org/10.1002/ana.22662},
year = {2011},
}


@article {ANA:ANA23584,
author = {Krauss, Gregory L. and Caffo, Brian},
title = {Reply},
journal = {Annals of Neurology},
volume = {71},
number = {5},
publisher = {Wiley Subscription Services, Inc., A Wiley Company},
issn = {1531-8249},
url = {http://dx.doi.org/10.1002/ana.23584},
pages = {725--725},
year = {2012},
}


@Article{easyCorrection,
  author = 	 {Caffo, B and Lauzon, C and R{\"o}hmel, J},
  title = 	 {Adendum to easy multiplicity control in equivalence testing using two one-sided tests},
  year = {2013},
  journal = {Accepted in The American Statistician}
}
