@Book{caffo2001sol,
  author = 	 {Caffo, B and Jones, G},
  title = 	 {Solutions Manual for Wackerly, Mendenhall and Scheafferâ€™s Mathematical Statistics with Applications},
  publisher = 	 {Duxbury Press},
  year = 2001
}

@article{caffo2007first,
  title={A review of: A First Course in {M}onte {C}arlo, by {G}eorge {F}ishman},
  author={Caffo, B},
  journal={Journal of the American Statistical Association},
  volume={102},
  number={478},
  pages={758--758},
  year={2007},
  publisher={American Statistical Association}
}


