la@Article{xue,
author = {Yang, X and Lauzon, C and Crainiceanu, C and Caffo, B and Resnick, S and Landman, B},
title = {Accounting for random regressors: a unified approach to multi-modality imaging},
journal = {Accepted for oral presentation at the Multimodal Brian Image Analysis Conference; winner of the Best Paper Award},
year = 2011,
key = {},
volume = {},
number = {},
pages = {},
month = {},
note = {},
annote = {}
}

@Article{lauzon2,
author = {Lauzon, C and Crainiceanu, C and Caffo, B and Landman, B},
title = {Assessment of bias for {MRI} diffusion tensor imaging using {SIMEX}},
journal = {Accepted in MICCAI},
year = {2011}
}


@article{nazarian2010abstract,
  title={Abstract 14266: magnetic resonance imaging for patients with implanted cardiac devices: prospective study to assess safety and utility},
  author={Nazarian, S and Hansford, R and Roguin, A and Goldsher, D and Zviman, M and Lardo, A and Caffo, B and Frick, K and Kraut, M and Kamel, I and Calkins, H and Berger, R and Bluemke, D and Halperin, H},
  journal={Circulation},
  volume={122},
  number={21 Supplement},
  pages={A14266},
  year={2010},
  publisher={Am Heart Assoc}
}

@Article{vadimHDMFPCA2,
author = {Zipunnikov, V and Caffo, B and Crainiceanu, C and Davatzikos, C and Schwartz, B},
title = {Functional principal components models for high dimensional brain volumetrics},
journal = {Proceedings of the International Workshop on Statistical Modeling},
year = {2010},
OPTpages = {107--112}
}

@article{hedlin2009nonparametric,
  title={Nonparametric analysis of {MR} images},
  author={Hedlin, H and Caffo, B and Bassett, S},
  journal={Neuroimage, Proceedings of the Human Brain Mapping Conference},
  volume={47},
  pages={80--80},
  year={2009},
  publisher={Elsevier}
}

@article{joel2009altered,
  title={Altered Connectivity between Brain Networks in Reading Disability},
  author={Joel, S and Rimrodt, S and Venkatadri, A and Caffo, B
                  and Cutting, L and Pekar, J},
  journal={Neuroimage, Proceedings of the Human Brain Mapping Conference},
  volume={47},
  pages={142--142},
  year={2009},
  publisher={Elsevier}
}

@article{joel2009demonstration,
  title={A Demonstration of Inter-Task Differences in Inter-Network 
Connectivity},
  author={Joel, S and Caffo, B and van Zijl, P and Pekar, J},
  journal={Neuroimage, Proceedings of the Human Brain Mapping Conference},
  volume={47},
  pages={101--101},
  year={2009},
  publisher={Elsevier}
}
@conference{schafer,
  author = 	 {Schafer, J and Mostofsky, S and Kraut, M and Boyce, A and Caffo, B and Flower, A and Goldberg, A and Radonovich, K and Pekar, J},
  title = 	 {How Many Subjects Are Enough: Subsampling and Consensus in {fMRI}},
  booktitle = {Proceedings of the International Society for Magnetic Resonance in Imaging},
  year = 	 {2003},
  volume = 11,
  pages = {383}
}


@conference{he2007markov,
  title={{M}arkov chain {M}onte {C}arlo ({MCMC}) based ideal observer estimation using a parameterized phantom and a pre-calculated dataset},
  author={He, X and Caffo, B and Frey, E},
  booktitle={Proceedings of SPIE},
  volume={6515},
  pages={651516},
  year={2007}
}

@conference{cristinzio,
author={Cristinzio, C and Yassa, M and Kusevic, I and Honeycutt, N and Baird, S and Caffo, B and Yousem, D and Bassett, S},
year = 2004,
title= {Limbic Structural Changes Associated With Increased Neuroticism in an Adult Sample},
booktitle={ Proceedings of the Society for Biological Psychiatry},
volume={55:8S},
pages={185}
} 

@conference{nazarian:aNovel,
author={Nazarian, S and Bluemke, D and Wagner, K and Caffo, B and Shehata, M and Edwards, D and Butcher, B and Calkins, H and Berger, R and 
Halperin, H and Tomaselli, G},
year={2008},
title={A Novel Measure of Diffuse Myocardial Fibrosis by Cardiac Magnetic 
Resonance},
booktitle={Circulation, Proceedings of the American Heart Association Meeting},
volume={118},
pages={S692}
}

@conference{caffo,
author={Caffo, B and Hedlin, H and Joel, S and Mostofsky, S and Pekar, J and Spear-Bassett, S},
title={A Survey of Statistical Methods for Non-invasive Measurement of Connectivity in the Human Brain},
booktitle={Proceedings for the International Workshop on Statistical Modeling},
pages={1-6},
year=2009
}

@article{redgrave2009imaging,
  title={Imaging The {I}owa Gambling Task In Anorexia Nervosa:
                  Differential Activation in Patients and Controls
                  While Making and Anticipating Results Of High-Versus
                  Low-Risk Decisions},
  author={Redgrave, G and Bakker, A. and Bello, NT and Caffo, B and
                  Coughlin, J and Guarda, A and McEntee, J and
                  Pekar, J and Reading, S and Reinblatt, S and
                  Verduzco, G and Moran, T},
  journal={Neuroimage, Proceedings of the Human Brain Mapping Conference},
  volume={47},
  pages={138--138},
  year={2009},
  publisher={Elsevier}
}
