%to appear

@article{nfl2,
author = {Coughlin, J and Wang, Y and Min, I and Bienko, J and Ambinder, E and Xu, X and Peters, M
and Dougherty, J and Vranesic, M and Lee, M and Cottrell, C and Sair, H and Sawa, A and Munro, C
and Nowinski, C and Dannals, R and Lyketsos, C and Kassiou, M and Guilarte, T and Smith, G and Caffo, B
and Mori, S and Pomper, M},
title = {Cross-sectional, in vivo investigation of glial cell activation and white matter integrity in brains of active and recently retired {National Football League} players},
year = {2016},
journal = {Journal of the American Medical Association: Neurology }
}



@article{plos10,
author = {Caffo, B and Davidian, M and Kass, R and Meng, X and Reid, N and Yu, B},
title = {Ten Simple Rules for Effective Statistical Practice},
journal = {PLOS 10 Simple Rules},
year = {2016}
}


@ARTICLE{HaHaLiCa2016,
    AUTHOR = {F Han and X Han and H Liu and B Caffo},
     TITLE = {Sparse median graphs estimation in a high-dimensional semiparametric model},
   JOURNAL = {Annals of Applied Statistics},
      YEAR = {2016},
    VOLUME = {10},
    NUMBER = {3},
     PAGES = {1397-1426},
      ISSN = {1932-6157},
       DOI = {10.1214/16-AOAS940},
      SICI = {1932-6157(2016)10:3<1397:SMGEIA>2.0.CO;2-0},
}




@article{barber2,
author = {Barber, A and Caffo, B and Pekar, J and Mostofsky, J},
title = {Decoupling of reaction time-related defaultmode network activity with cognitive demand},
year = {2016},
journal = {to appear in Brain Imaging and Behavior}

}

@article{ywv2016,
author = {Webb-Vargas, Y and Chen, S and Fisher, A and Mejia, A and Xu, Y and Crainiceanu, C and Caffo, B and Lindquist, M},
title = {Big Data and Neuroimaging},
year = {2016},
journal = {To appear in Statistics in Biosciences}
}


@article{raag2016,
author={Airan, R and Vogelstein, J and Pillai, J and Caffo, B and Pekar, J and Sair, H},
title = {Stability and localization of inter-individual differences in functional 
connectivity},
year = {2016},
journal = {Human Brain Mapping}
}

@article{chen2016,
author = {Chen, Y and Zipunnikov, V and Bazin, P and Pham, D and Reich, D and Crainiceanu, C and Caffo, B},
title = {Parametrization of white matter manifold-like structures using principal surfaces},
journal = {Journal of the American Statistical Association},
year = {2016}
}


@article{li2016,
author = {Li, S and Chen, S and Chen, Y and Caffo, B},
title = {A Parcellation Based Nonparametric ALgorithm for Independent Component Analysis with Application to fMRI data},
journal = {Frontiers in Neuroscience},
year = {2016}
}

@article{harrison2016,
author = {Harrison, D and Li, X and Liu, H and Jones, C and Caffo, B and Calabressi, P and van Zijl, P},
title = {Lesion heterogeneity on high-field susceptibility MRI is associated with multiple sclerosis severity},
journal = {American Journal of Neuroradiology},
year = {2016}
}

@article{jhaPMB,
author = {Jha, A and Caffo, B and Frey, E},
title = {A no-gold-standard technique for objective assessment of quantitative nuclear-medicine imaging methods},
journal = {Accepted in Physics in Medicine and Biology},
year = {2016}
}


@article{harris,
title = {Presurgical brain mapping of the language network in patients with brain tumors using resting-state {fMRI}: comparison with task {fMRI}},
author = {Sair, H and Yahyavi-Firouz-Abadi, N and Calhoun, V and 
Airan, R and Agarwal, R and Intrapiromkul, J and Choe, A and Gujar, S  and Caffo, B
and Lindquist,  Martin and Pillai, J},
journal = {Human Brain Mapping},
year = {2015}
}

@article{choe,
title = {Reproducibility and temporal structure in weekly resting-state fMRI over a period of 3.5 years},
author = {Choe, A and Jones, C and Joel, S and Muschelli, J and Belegu, V and Caffo, B and Lindquist, M and Van Zijl, P and Pekar, J},
journal = {Accepted in PLoS One},
year = {2015}
}



@article{kerisr,
title={Motor Overflow in Children with {ADHD} is Associated with Decreased Extent of Neural Activation in the Motor Cortex},
author = {Gaddis, A and Rosch, K and Dirlikov, B and Crocetti, D and
MacNeil, L and Barber, A and Muschelli, J and Caffo, B and Pekar, J and Mostofsky, S},
journal = {Accepted in : Psychiatry Research: Neuroimaging},
year = {2015}
}


@article{leyva,
title={Simultaneous evaluation of safety, acceptability, peri-coital kinetics, and ex vivo pharmacodynamics comparing four rectal microbicide vehicle candidates},
author={Leyva, F and Fuchs, E and Baskshi, R and Carballo-Dieguez, A and Ventuneac, A and Yue, C
and Caffo, B and Du, Y and Torbenson, M and Liye, L and Mullen, G and Lee, L and Rohan, L and ANton, P 
and Hendrix, C},
journal={Accepted in {AIDS} Research and Human Retroviruses},
year={2015}
}

@article{danh2,
title={Association of cortical lesion burden on {7T} {MRI} with cognition and disability in multiple
sclerosis},
journal={JAMA Neurology},
author={Harrison, D and Roy, S and Oh, J and Izbudak, I and Pham, D and Courtney, S and Caffo, B
Jones, C and van Zijl, P and Calabressi, P},
year={2015}
}


@article{aaron,
title={Fast, exact bootstrap principal component analysis for p $>$ 1 million},
author={Fisher, A and Caffo, B and Schwartz, B and Zipunnikov, V},
journal={Accepted in the Journal of the American Statistical Association, NIHMSID: 699825},
year={2015}
}

@Article{tingting,
author = {Zhang, T and Wu, J and Li, F and Caffo, B and Boatman-Reich, D},
title = {A Dynamic Directional Model for Effective Brain Connectivity using Electrocorticographic ({ECoG}) Time Series},
journal = {The Journal of the American Statistical Association, PMCID: PMC4431779},
year = {2015},
volume = 110,
pages = {93--106}
}


@article{huitong,
title={Joint Estimation of Multiple Graphical Models from High Dimensional Time Series},
author={Qiu, H and Han, F and Liu, H and Caffo, B},
journal={Accepted in the Journal of the Royal Statistical Society Series B, NIHMSID: 708139},
year={2015}
}

@Article{mandy,
title={Improving Reliability of Subject-Level Resting-State {fMRI} Parcellation with Shrinkage Estimators
},
author={Mejia, M and Nebel, M and Shou, H and Crainiceanu, C and Pekar, J and Mostofsky, S and
Caffo B and Lindquist, M},
journal={Neuroimage, PMCID: PMC4408254},
year={2015},
volume = 112,
pages = {14 -- 29}
}

@Article{yang,
author = {Yang, J and Shmuelof, L and Luo, Xiao and Krakauer, J and Caffo, B},
title =  {On tests of activation map dimension for {fMRI}-based studies of learning},
journal = {Frontiers in Neuroscience, PMCID: PMC4396382},
year = {2015},
volume = 9
}

@Article{yue,
author = {Yue, C and Chen, S and Sair, H and Airan, R and Caffo, B},
title = {Estimating a graphical intra-class correlation coefficient ({GICC}) using multivariate probit-linear mixed models},
journal = {Computational Statistics and Data Analysis, NIHMSID: 708146},
year = {2015},
volume = 89,
pages = {126-133}
}


@article{hannawi2015resting,
  title={Resting brain activity in disorders of consciousness A systematic review and meta-analysis},
  author={Hannawi, Y and Lindquist, M and Caffo, B and Sair, H and Stevens, R},
  journal={Neurology PMCID: PMC4366089},
  volume={84},
  number={12},
  pages={1272--1280},
  year={2015},
  publisher={AAN Enterprises}
}


@Article{huitong,
author = {Qiu, H and Han, F and Liu, H and Caffo, B},
title = {Joint estimation of multiple graphical models from high dimensional time series},
journal = {To appear in the Journal of the Royal Statistical Society Series B},
year = {2014}
}




@Article{coughlinb,
author = {Coughlin, J and Wang Y and Munro, C and Ma, S and Chen, S and Airan, R and Kim, P  and Adams, A and Garcia, C
and Higgs, C and Sair, H and Sawa, A and Smith, G and Lyketsos, C and Caffo, B and Kassiou, M and Guilarte, T},
title = {Neuroinflammation and brain atrophy in former {NFL} players: an in vivo multimodal imaging pilot study},
journal = {Accepted in Neurology},
year = {2014},
OPTkey = {•},
OPTvolume = {•},
OPTnumber = {•},
OPTpages = {•},
OPTmonth = {•},
OPTnote = {•},
OPTannote = {•}
}


@Article{katarina,
author = {Ament, K and Mejia, A and Buhlman, R and Erklin, S and Caffo, B and Mostofsky, S and Wodka, E},
title = {Evidence for specificity of motor impairments in catching and balance in children with autism },
journal = {The Journal of Autism and Developmental Disorders, PMCID: PMC4342267},
year = {2014},
volume = {45},
number = 3,
pages = {742--751}
}


@article{liu2004screening,
  title={Screening for Differentially Expressed Genes: Are Multilevel Models Helpful?},
  author={Liu, Dongmei and Parmigiani, Giovanni and Caffo, Brian},
  year={2015},
  journal={Journal of Biometrics and Biostatistics},
  volume = 5,
  number = 2
}


@Article{shou2,
author = {Shou, H and Eloyan, A and Nebel, M and Pekar, J and Mostofsky, S and Caffo, B and Lindquist, M and Crainiceanu, C},
title = { Shrinkage Prediction of Seed-voxel Brain Connectivity using Resting-state {fMRI}},
journal = {Neuroimage, PMCID: PMC4247825},
 volume={102},
  pages={938--944},
year = {2014}
}

@article{lindquist2014evaluating,
  title={Evaluating dynamic bivariate correlations in resting-state fMRI: A comparison study and a new approach},
author = {Lindquist, M and Xu, Y and Nebel, MB and Caffo, B},
  journal={NeuroImage, PMCID: PMC4165690 },
  volume={101},
  pages={531--546},
  year={2014},
  publisher={Elsevier}
}


@article{lior,
title = {The neural correlates of learned motor acuity},
journal = {Journal of Neurophysiology},
author = {Shmuelof,  L and Yang, J and Caffo, B and Mazzoni, P and Krakauer, J},
 volume={112},
  number={4},
  pages={971--980},
  year={2014}
 }


@article{muschelli2014reduction,
  title={Reduction of motion-related artifacts in resting state fMRI using aCompCor},
  author={Muschelli, J and Nebel, M and Caffo, B and Barber, A and Pekar, J and Mostofsky, S},
  journal={Neuroimage, PMCID: PMC4043948},
  volume={96},
  pages={22--35},
  year={2014},
  publisher={Elsevier}
}


@article{schreiber2014variations,
  title={Variations in {EEG} discharges predict {ADHD} severity within individual {Smith-Lemli-Opitz} patients},
  author={Schreiber, J and Lanham, D and Trescher, W and Sparks, S and Wassif, C and Caffo, B and P and Tierney, E and Gropman, A and Ewen, J},
  journal={Neurology, PMCID: PMC4117167},
  pages={10--1212},
  year={2014},
  publisher={AAN Enterprises}
}

@Article{pomper2,
  author = 	 {Coughlin, J and Wang, Y and Ma, S and Yue, C and Pearl, K and Adams, A and Roosa, K and Stathis, M and Rais, R and Rojas, C and McGlothan, J and Watkins, C and Sacktor, N and Guilarte, T and Zhou, Y and Sawa, A and Slusher, B and Caffo, B and Kassiou, M and Endres, C and Pomper, M},
  title = 	 {Regional brain distribution of translocator protein using {[11 C]DPA-713 PET} in individuals infected with {HIV}},
 journal={Journal of Neurovirology, PMCID: PMC4078660},
  volume={20},
  number={3},
  pages={219--232},
  year={2014},
  publisher={Springer}
}

@article{eloyan2014analytic,
  title={Analytic Programming with fMRI Data: A Quick-Start Guide for Statisticians Using R},
  author={Eloyan, A and Li, S and Muschelli, J and Pekar, J and Mostofsky, S and Caffo, B},
  journal={PloS one, PMCID: PMC3938835},
  volume={9},
  number={2},
  pages={e89470},
  year={2014},
  publisher={Public Library of Science}
}




@article{sidhu2014moneybarl,
  title={{MONEYBaRL}: Exploiting pitcher decision-making using Reinforcement Learning},
  author={Sidhu, G and Caffo, B},
  journal={The Annals of Applied Statistics},
  volume={8},
  number={2},
  pages={926--955},
  year={2014},
  publisher={Institute of Mathematical Statistics}
}

@Article{seonjoo,
  author = 	 {Lee, S and Caffo, B and Lakshmanan, B and Pham, D},
  title = 	 {Evaluating  model misspecification in independent component analysis},
 journal = 	 {Journal of Statistical Computation and Simulation, PMCID: PMC4268890},
  year = 	 {2015},
  volume = 	 {85},
  pages = 	 {1151--1164}
}

@Article{vadimHDLFCPA,
  author = 	 {Zipunnikov, Z and Greven, S and Caffo, B and Reich, D and Crainiceanu, C},
  title = 	 { Longitudinal High-Dimensional Principal Components Analysis with Application to Diffusion Tensor Imaging of Multiple Sclerosis},
  journal = {Annals of Applied Statistics, PMCID: PMC4316386},
  volume={8},
  number={4},
  pages={2175--2202},
  year={2014}
}

@article {BIOM:BIOM12111,
author = {Risk, Benjamin B. and Matteson, David S. and Ruppert, David and Eloyan, Ani and Caffo, Brian S.},
title = {An evaluation of independent component analyses with an application to resting-state {fMRI}},
journal = {Biometrics, PMCID: PMC3954232},
volume = {70},
number = {1},
issn = {1541-0420},
pages = {224--236},
keywords = {Group ICA, Hungarian algorithm, Nonconvex optimization, Permutation problem, ProDenICA, Stability analysis},
year = {2014},
}

@article{boca2013decision,
  title={A decision-theory approach to interpretable set analysis for high-dimensional data},
  author={Boca, Simina M and Bravo, H{\'e}ctor C{\'e}orrada and Caffo, Brian and Leek, Jeffrey T and Parmigiani, Giovanni},
  journal={Biometrics, PMCID: PMC3927844},
  volume={69},
  number={3},
  pages={614--623},
  year={2013},
  publisher={Wiley Online Library}
}


@article{shou2013quantifying,
  title={Quantifying the reliability of image replication studies: The image intraclass correlation coefficient (I2C2)},
  author={Shou, H and Eloyan, A and Lee, S and Zipunnikov, V and Crainiceanu, A and Nebel, MB and Caffo, B and Lindquist, M and Crainiceanu, C},
  journal={Cognitive, Affective, \& Behavioral Neuroscience, PMCID: PMC3869880},
  volume={13},
  number={4},
  pages={714--724},
  year={2013},
  publisher={Springer}
}

@article{leekha2013comparison,
  title={Comparison of total hospital-acquired bloodstream infections to central line-associated bloodstream infections and implications for outcome measures in infection control.},
  author={Leekha, S and Li, S and Thom, K and Preas, M and Caffo, B and Morgan, D and Harris, A},
  journal={Infection control and hospital epidemiology: the official journal of the Society of Hospital Epidemiologists of America},
  volume={34},
  number={9},
  pages={984--986},
  year={2013}
}

@article {STA4:STA422,
author = {Griswold, M and Swihart, B and Caffo, B and Zeger, S},
title = {Practical marginalized multilevel models},
journal = {Stat, NIHMSID: 511873},
volume = {2},
number = {1},
issn = {2049-1573},
pages = {129--142},
keywords = {generalized linear mixed model, latent variable, likelihood inference, marginal model, nonlinear mixed model, random effects},
year = {2013},
}

@article {brucecopula,
author = {Swihart, B and Caffo, B and Crainiceanu, C},
title = {A Unifying Framework for Marginalised Random-Intercept Models of Correlated Binary Outcomes},
journal = {International Statistical Review, NIHMSID: 511870},
volume = {82},
number = {2},
issn = {1751-5823},
pages = {275--295},
keywords = {Binary outcomes, copulas, marginal likelihood, multivariate logit, multivariate probit},
year = {2014}
}

@article{Lindquist2013,
title = {Ironing out the statistical wrinkles in “ten ironic rules”},
author={Lindquist, M and Caffo, B and Crainiceanu, C},
journal = {Neuroimage, PMCID: PMC3730443},
 volume={81},
  pages={499--502},
  year={2013},
  publisher={Elsevier}
}


%%End of accepted, start of appeared online

@Article{kjl,
  author = 	 {Lee, K and Jones, G and Caffo, B and Bassett, S},
  title = 	 {Spatial {B}ayesian variable selection models on functional magnetic resonance imaging time-series data},
  journal = {Bayesian Analysis, PMCID: PMC4268890},
  year = {2014},
  volume = 9,
  number = 3,
  pages = {699--732}
  }
  
@article{nebel2014disruption,
  title={Disruption of functional organization within the primary motor cortex in children with autism},
author = {Nebel, M and Joel, S and Muschelli, J and , A and Caffo, B and Pekar, J and Mostofsky, S},
  journal={Human Brain Mapping, PMCID: PMC3864146},
  volume={35},
  number={2},
  pages={567--580},
  year={2014},
  publisher={Wiley Online Library}
}

@article {HBM:HBM22159,
author = {Bobb, Jennifer F. and Schwartz, Brian S. and Davatzikos, Christos and Caffo, Brian},
title = {Cross-sectional and longitudinal association of body mass index and brain volume},
journal = {Human Brain Mapping, PMCID: PMC3615109},
volume = {35},
number = {1},
issn = {1097-0193},
pages = {75--88},
keywords = {obesity, brain structure, aging, BMI, MRI},
year = {2014},
}


@article{eloyan2013likelihood,
  title={Likelihood-based population independent component analysis},
author = {Eloyan, A and Crainiceanu, C and Caffo, B}, 
  journal={Biostatistics , PMCID: PMC3677736},
  volume={14},
  number={3},
  pages={514--527},
  year={2013},
  publisher={Biometrika Trust}
}

@article{langrock2013combining,
  title={Combining hidden Markov models for comparing the dynamics of multiple sleep electroencephalograms},
  author = {Langrock, R and Swihart, B and Caffo, B and Punjabi, N and Crainiceanu, C},
  journal={Statistics in Medicine, PMCID: PMC3753805},
  volume={32},
  number={19},
  pages={3342--3356},
  year={2013},
  publisher={Wiley Online Library}
}

@article{ozturk2012axial,
  title={Axial {3D} gradient-echo imaging for improved multiple sclerosis lesion detection in the cervical spinal cord at {3T}},
  author={Ozturk, Aand Aygun, N and Smith, S A and Caffo, B and Calabresi, P and Reich, D},
  journal={Neuroradiology, PMCID: PMC3602327},
  pages={1--9},
  year={2012},
  publisher={Springer}
}

@article{li2012analysis,
  title={Analysis of Group {ICA}-Based Connectivity Measures from {fMRI}: Application to {A}lzheimer's Disease},
  author={Li, S and Eloyan, A and Joel, S and Mostofsky, S and Pekar, J and Bassett, S and Caffo, B},
  journal={PloS One, PMCID: PMC3511486},
  volume={7},
  number={11},
  pages={e49340},
  year={2012},
  publisher={Public Library of Science}
}



@ARTICLE{10.3389/fnsys.2012.00061,
AUTHOR={Eloyan, A  and  Muschelli, J  and  Nebel, M  and  Liu, H  and  Han, F  and  Zhao, T  and  Barber, A  and  Joel, S  and  Pekar, J  and  Mostofsky, S  and  Caffo, B},   
TITLE={Automated diagnoses of attention deficit hyperactive disorder using magnetic resonance imaging},      
JOURNAL={Frontiers in Systems Neuroscience, PMCID: PMC3431009},      
VOLUME={6},      
YEAR={2012},      
NUMBER={61},     
URL={http://www.frontiersin.org/systems_neuroscience/10.3389/fnsys.2012.00061/abstract},       
ISSN={1662-5137}
}

@article{Jedynak20121478,
title = {A computational neurodegenerative disease progression score: Method and results with the {A}lzheimer's disease neuroimaging initiative cohort},
journal = {NeuroImage, PMCID: PMC3472161},
volume = {63},
number = {3},
pages = {1478 -- 1486},
year = {2012},
issn = {1053-8119},
author = {Jedynak, B and Lang, A and Liu, B and Katz, E and Zhang, Y and Wyman, B and Raunig, D and 
Jedynak, P and Caffo, B and Prince, J}
}

@article{tighe2012total,
  title={Total white matter hyperintensity volume in bipolar disorder patients and their healthy relatives},
  author={Tighe, S and Reading, S and Rivkin, P and Caffo, B and Schweizer, B and Pearlson, G and Potash, J and DePaulo, R and Bassett, S},
  journal={Bipolar disorders, NIHMSID: 410066},
  volume={14},
  number={8},
  pages={888--893},
  year={2012},
  publisher={Wiley Online Library}
}

@article{Cervenka201370,
title = {Reliability of early cortical auditory gamma-band responses},
journal = {Clinical Neurophysiology, PMCID: PMC3468656},
volume = {124},
number = {1},
pages = {70 - 82},
year = {2013},
issn = {1388-2457},
url = {http://www.sciencedirect.com/science/article/pii/S1388245712004658},
author = {Cervenka, M and Franaszczuk, P and Crone, N and Hong, B and Caffo, B and Bhatt, P and Lenz, F and Boatman-Reich, D}
}


@Article{landmanb,
  	author = 	 {Yang, X and Lauzon, C and Crainiceanu, C and Caffo, B and Resnick, S and Landman, B},
	title = {Biological parametric mapping accounting for random regressors with regression calibration and model {II} regression},
  	year = 2012,
  	volume = {62},
	number = {3},
	pages = {1761 - 1768},
  	journal = {Neuroimage, PMCID: PMC3408815},
	url = "http://www.sciencedirect.com/science/article/pii/S1053811912005083"
}


@Article{shee,
  author = 	 {Shiee, N and Bazin, P and Zackowski, K and Farrell, S and Harrison, D and Newsome, S and Ratchford, J and  
Caffo, B and Calabresi, P and Pham, D and Reich, D},
    journal = {PLoS ONE, PMCID: PMC3352847},
    publisher = {Public Library of Science},
    title = {Revisiting Brain Atrophy and Its Relationship to Disability in Multiple Sclerosis},
    year = {2012},
    month = {05},
    volume = {7},
    pages = {e37049},
    number = {5}
}

@article {MRM:MRM24324,
author = {Lauzon, C and Crainiceanu, Cand Caffo, B and Landman, B},
title = {Assessment of bias in experimentally measured diffusion tensor imaging parameters using {SIMEX}},
journal = {Magnetic Resonance in Medicine, PMCID: PMC3197727},
volume = {69},
number = {3},
publisher = {Wiley Subscription Services, Inc., A Wiley Company},
issn = {1522-2594},
url = {http://dx.doi.org/10.1002/mrm.24324},
pages = {891--902},
keywords = {diffusion tensor imaging, bias, simulation and extrapolation, fractional anisotropy, parameter estimation},
year = {2013},
}

@article {BaGoCaGlCr2012,
    AUTHOR = {Bai, J and  Goldsmith, J and Caffo, B and Glass, T and Crainiceanu, C},
     TITLE = {Movelets: A dictionary of movement},
   JOURNAL = {Electronic Journal of Statistics, PMCID: PMC3535448},
      YEAR = {2012},
    VOLUME = {6},
     PAGES = {559-578},
      ISSN = {1935-7524},
      SICI = {1935-7524(2012)6:0<559:MADOM>2.0.CO;2-W},
}

@article{thom2012comparison,
  title={Comparison of swab and sponge methodologies for identification of acinetobacter baumannii from the hospital environment},
  author={Thom, K and Howard, T and Sembajwe, S and Harris, A and Strassle, P and Caffo, B and Carroll, K and Johnson, J},
  journal={Journal of Clinical Microbiology, PMCID: PMC3372128},
  volume={50},
  number={6},
  pages={2140--2141},
  year={2012}
 }

@article {BCP:BCP4267,
author = {Cao, Y and Caffo, B and Fuchs, E and Lee, L and Du, Y and Li, L and Bakshi, R and Macura, K and Khan, W and Wahl, R
 and Grohskopf, L and Hendrix, C},
title = {Quantification of the spatial distribution of rectally applied surrogates for microbicide and semen in colon with {SPECT} and magnetic resonance imaging},
journal = {British Journal of Clinical Pharmacology},
volume = {74},
number = {6},
publisher = {Blackwell Publishing Ltd},
issn = {1365-2125},
url = {http://dx.doi.org/10.1111/j.1365-2125.2012.04267.x},
pages = {1013--1022},
keywords = {gastrointestinal distribution, HIV microbicide, HIV prevention, pharmacokinetics, rectal dosing},
year = {2012},
}

@article{aurora2012sleep,
  title={Sleep-Disordered Breathing and Caffeine Consumption: Results of a Community-Based Study},
  author={Aurora, N and Crainiceanu, C and Caffo, B and Punjabi, N},
  journal={Chest},
  volume={142},
  number={3},
  pages={631--638},
  year={2012},
  publisher={American College of Chest Physicians}
}

@Article{ellignton,
  author = 	 {Ellington, L and 
Gilman, R and Tielsch, J and Steinhoff, M and Figueroa, D and Rodriguez, S and Caffo, B and Tracey, B and West, J and Checkley, W},
  title = 	 {Computerized lung sound analysis to improve the specificity of pediatric pneumonia in resource-poor settings},
  journal = 	 {Accepted in the British Medical Journal Open, PMCID: PMC3274713},
  year = 	 2012
}

@Article{nicole,
author = {Louissaint, N and Nimmagadda, S and Bakshi, R and Du, Y and Macura, K and
King, K and Wahl, R and Goldsmith, J and Caffo, B and Cao, Y and Anderson, J and Fuchs, E and 
Hendrix, C},
title = {Distribution of cell-free and cell-associated {HIV} surrogates in the female genital tract following simulated vaginal intercourse},
journal = {Journal of Infectious Diseases},
year = {2012},
volume = {205},
number = {5},
pages = {725--732} 
}

@article{Mondul2011e6,
title = "Minimal detection bias in the inverse association between statin drug use and advanced prostate cancer risk: A simulation study",
journal = "Cancer Epidemiology, PMCID: PMC3142317",
volume = "35",
number = "4",
pages = "e6 - e11",
year = "2011",
note = "",
issn = "1877-7821",
url = "http://www.sciencedirect.com/science/article/pii/S1877782110002055",
author = "Alison M. Mondul and Brian Caffo and Elizabeth A. Platz",
keywords = "Hydroxymethylglutaryl-CoA reductase inhibitors",
keywords = "Prostatic neoplasms",
keywords = "Prostate-specific antigen"
}

@article {PACE:PACE2905,
author = {Nazarian, S and W, K and Caffo, B and Tomaselli, G},
title = {Clinical predictors of conduction disease progression in type {I} myotonic muscular dystrophy},
journal = {Pacing and Clinical Electrophysiology, PMCID: PMC3035751},
volume = {34},
number = {2},
publisher = {Blackwell Publishing Inc},
issn = {1540-8159},
url = {http://dx.doi.org/10.1111/j.1540-8159.2010.02905.x},
pages = {171--176},
keywords = {electrocardiography, cardiomyopathy, myotonic muscular dystrophy, conduction disease, sudden death},
year = {2011},
}

@article{agresti2000random,
  title={Random-effects modeling of categorical response data},
  author={Agresti, A and Booth, J and Hobert, J and Caffo, B},
  journal={Sociological Methodology},
  year={2000},
  pages={27--80},
  volume={30},
  publisher={Blackwell Publishers}
}

@article{agresti2000simple,
  title={Simple and effective confidence intervals for proportions and differences of proportions result from adding two successes and two failures},
  author={Agresti, A and Caffo, B},
  journal={The American Statistician},
  volume={54},
  number={4},
  pages={280--288},
  year={2000},
  publisher={American Statistical Association}
}


@article{agresti2002measures,
  title={Measures of relative model fit},
  author={Agresti, A and Caffo, B},
  journal={Computational Statistics and Data Analysis},
  volume={39},
  number={2},
  pages={127--136},
  year={2002},
  publisher={Elsevier}
}

@article{agresti2004examples,
  title={Examples in which misspecification of a random effects distribution reduces efficiency, and possible remedies},
  author={Agresti, A and Caffo, B and Ohman-Strickland, P},
  journal={Computational Statistics and Data Analysis},
  volume={47},
  number={3},
  pages={639--653},
  year={2004},
  publisher={Elsevier}
}

@article{aurora2011correlating,
  title={Correlating subjective and objective sleepiness: revisiting the association using survival analysis.},
  author={Aurora, R and Caffo, B and Crainiceanu, C and Punjabi, N},
  journal={Sleep, PMCID: PMC3208849},
  volume={34},
  number={12},
  pages={1707},
  year={2011}
}


@article{barber2012motor,
  title={Motor “Dexterity”?: evidence that left hemisphere lateralization of motor circuit connectivity is associated with better motor performance in children},
  author={Barber, A and Srinivasan, P and Joel, S and Caffo, B and Pekar, J and Mostofsky, S},
  journal={Cerebral Cortex, PMCID: PMC3236793},
  volume={22},
  number={1},
  pages={51--59},
  year={2012},
  publisher={Oxford Univ Press}
}

@article{bassett2006familial,
  title={Familial risk for {A}lzheimer's disease alters {fMRI} activation patterns},
  author={Bassett, S and Yousem, D and Cristinzio, C and Kusevic, I and Yassa, M and Caffo, B and Zeger, S},
  journal={Brain, PMCID: PMC2744898},
  volume={129},
  number={5},
  pages={1229--1239},
  year={2006},
  publisher={Oxford Univ Press}
}

@Article{boatman,
  author = 	 {Boatman-Reich, D and Franaszczuk, P and Korzeniewska, A and Caffo, B and Ritzl, E and Colwell, S and Crone, N},
  title = 	 {Quantifying Auditory Event-Related Responses in Multichannel Human Intracranial Recordings},
  journal = 	 {Invited submission to Frontiers in Computational Neuroscience, PMCID: PMC2859880},
  year = 	 2010,
  volume = 4,
  number = 4,
  pages = {1--17}  
  }


@article{booth2002unequal,
  title={Unequal sampling for {M}onte {C}arlo {EM} algorithms},
  author={Booth, J and Caffo, B},
  journal={Computational Statistics and Data Analysis},
  volume={39},
  number={3},
  pages={261--270},
  year={2002},
  publisher={Elsevier}
}

@article{bowman2008bayesian,
  title={A {B}ayesian hierarchical framework for spatial modeling of {fMRI} data},
  author={Bowman, F and Caffo, B and Bassett, S and Kilts, C},
  journal={NeuroImage, PMCID: PMC2134321},
  volume={39},
  number={1},
  pages={146--156},
  year={2008},
  publisher={Elsevier}
}
	
@article{caffo2001markov,
  title={A {M}arkov chain {M}onte {C}arlo algorithm for approximating exact conditional probabilities},
  author={Caffo, B and Booth, J},
  journal={Journal of Computational and Graphical Statistics},
  volume={10},
  number={4},
  pages={730--745},
  year={2001},
  publisher={ASA}
}

@article{caffo2002empirical,
  title={Empirical supremum rejection sampling},
  author={Caffo, B and Booth, J and Davison, A},
  journal={Biometrika},
  volume={89},
  number={4},
  pages={745--754},
  year={2002},
  publisher={Biometrika Trust}
}


@article{caffo2003monte,
  title={{M}onte {C}arlo conditional inference for log-linear and logistic models: a survey of current methodology},
  author={Caffo, B and Booth, J},
  journal={Statistical Methods in Medical Research},
  volume={12},
  number={2},
  pages={109},
  year={2003}
}


@article{caffo2005ascent,
  title={Ascent-Based {M}onte {C}arlo {EM}},
  author={Caffo, B and Jank, W and Jones, G},
  journal={Journal of the Royal Statistical Society, Series B},
  volume={67},
  pages={235--252},
  year={2005}
}

@article{caffo2006exact,
  title={Exact Hypothesis Tests for Log-linear Models with {exactLoglinTest}},
  author={Caffo, B},
  journal={Journal of Statistical Software},
  volume={17},
  number={7},
  pages={1--17},
  year={2006}
}

@article{caffo2006user,
  title={A user-friendly tutorial on link-probit-normal models},
  author={Caffo, B and Griswold, M},
  journal={The American Statistician},
  volume={60},
  pages={139--145},
  year={2006}
}


@article{caffo2007brain,
  title={Are Brain Volumes based on Magnetic Resonance Imaging Mediators of the Associations of Cumulative Lead Dose with Cognitive Function?},
  author={Caffo, B and Chen, S and Stewart, W and Bolla, K and Yousem, D and Davatzikos, C and Schwartz, B},
  journal={American Journal of Epidemiology},
  year={2007},
  volume={167},
  number={4},
  pages={429--437},
  publisher={Oxford Univ Press}
}

@article{caffo2007flexible,
  title={Flexible random intercept models for binary outcomes using mixtures of normals},
  author={Caffo, B and An, M and Rohde, C},
  journal={Computational Statistics and Data Analysis, PMCID: PMC2031853},
  volume={51},
  number={11},
  pages={5220--5235},
  year={2007},
  publisher={Elsevier}
}

@article{caffo2008case,
  title={A Case Study in Pharmacologic Colon Imaging Using Principal Curves in Single-Photon Emission Computed Tomography},
  author={Caffo, B and Crainiceanu, C and Deng, L and Hendrix, C},
  journal={Journal of the American Statistical Association},
  volume={103},
  number={484},
  pages={1470--1480},
  year={2008},
  publisher={ASA}
}

@article{caffo2008likelihood,
  title={Likelihood Estimation of Conjugacy Relationships in Linear Models with Applications to High-Throughput Genomics},
  author={Caffo, B and Dongmei, L and Scharpf, R and Parmigiani, G},
  journal={International Journal of Biostatistics, PMCID: PMC2827886},
  volume=5,
  numnber=1,
  note={Issue 18},
  year=2008,
  publisher={bepress}
}

@article{caffo2009overview,
  title={An overview of observational sleep research with application to sleep stage transitioning},
  author={Caffo, B and Swihart, B and Crainiceanu, C and Laffan, A and Punjabi, N},
  journal={Chance, PMCID: PMC2800358},
  volume={22},
  number={1},
  pages={10--15},
  year={2009},
  publisher={Springer}
}

@article{caffo2009two,
  title={Two-stage Decompositions for the Analysis of Functional
                  Connectivity for {fMRI} With Application to
                  {A}lzheimer's Disease Risk},
author={ Caffo, B and Crainiceanu, C and Verduzco, G and Mostofsky, S
                  and Spear-Bassett, S and Pekar, J },
  journal={Neuroimage, PMCID: PMC2862769},
  year={2010},
  volume={51},
  pages={1140--1149}
}

@Article{caffoSleep,
author = {Caffo, B and Diener-West, M and Punjabi, N and Samet, J},
title = {A novel approach to prediction of mild sleep disorders 
in a population-based sample: the {S}leep {H}eart {H}ealth {S}tudy},
journal = {Sleep, PMCID: PMC2982734},
volume = {33},
number = {12},
pages = {1641--1648},
year = {2011}
}

@article{cao2007effect,
  title={Effect of semen sampling frequency on seminal antiretroviral drug concentration},
  author={Cao, Y and Ndovi, T and Parsons, T and Guidos, A and Caffo, B and Hendrix, C},
  journal={Clinical Pharmacology \& Therapeutics},
  volume={83},
  number={6},
  pages={848--856},
  year={2007},
  publisher={Nature Publishing Group}
}

@article{cao2008noninvasive,
  title={Noninvasive Quantitation of Drug Concentration in Prostate and Seminal Vesicles: Improvement and Validation With Desipramine and Aspirin},
  author={Cao, Y and Caffo, B and Choi, L and Radebaugh, C and Fuchs, E and Hendrix, C},
  journal={The Journal of Clinical Pharmacology},
  volume={48},
  number={2},
  pages={176-183},
  year={2008},
  publisher={Am Coll Clin Pharm}
}

@article{chen2009adaptive,
  title={Adaptive control of the false discovery rate in voxel-based morphometry},
  author={Chen, S and Wang, C and Eberly, L and Caffo, B and Schwartz, B},
  journal={Human Brain Mapping, NIHMSID: 316414},
  volume={30},
  number={7},
  year={2009},
  pages={2304--2311},
  publisher={Wiley Subscription Services, Inc., A Wiley Company Hoboken}
}

@article{choi2007optimal,
  title={Optimal sampling times in bioequivalence studies using a simulated annealing algorithm},
  author={Choi, L and Caffo, B and Rohde, C},
  journal={Statistics and Computing},
  volume={17},
  number={4},
  pages={337--347},
  year={2007},
  publisher={Springer}
}

@article{choi2008mechanistic,
  title={A mechanistic latent variable model for estimating drug concentrations in the male genital tract: A case study in drug kinetics},
  author={Choi, L and Caffo, B and Rohde, C and Ndovi, T and Hendrix, C},
  journal={Statistics in Medicine, PMCID: PMC2763330},
  volume={27},
  number={14},
  year={2008},
   pages={2697--2714},
  publisher={John Wiley \& Sons, Ltd Chichester, UK}
}

@article{choi2008survey,
  title={A survey of the likelihood approach to bioequivalence trials},
  author={Choi, L and Caffo, B and Rohde, C},
  journal={Statistics in Medicine, PMCID: PMC2778077},
  volume={27},
  number={24},
  year={2008},
  pages={4874--4894},
  publisher={John Wiley \& Sons, Ltd Chichester, UK}
}

@article {springerlink:10.1007/s10928-011-9211-7,
   author = {Choi, L and Caffo, B and Kohli, U and Pandharipande, P and Kurnik, D and Ely, E and Stein, C},
   affiliation = {Department of Biostatistics, School of Medicine, Vanderbilt University, Nashville, TN, USA},
   title = {A {B}ayesian hierarchical nonlinear mixture model in the presence of artifactual outliers in a population pharmacokinetic study},
   journal = {Journal of Pharmacokinetics and Pharmacodynamics},
   publisher = {Springer Netherlands},
   issn = {1567-567X},
   keyword = {Biomedical and Life Sciences},
   pages = {613-636},
   volume = {38},
   issue = {5},
   url = {http://dx.doi.org/10.1007/s10928-011-9211-7},
   note = {10.1007/s10928-011-9211-7},
   year = {2011}
}

@article{crainiceanu2009nonparametric,
  title={Nonparametric signal extraction and measurement error in the analysis of electroencephalographic activity during sleep},
  author={Crainiceanu, C and Caffo, B and Di, C and Punjabi, N},
  journal={Journal of the American Statistical Association, PMCID: PMC2802498},
  volume={104},
  number={486},
  pages={541--555},
  year={2009},
  publisher={ASA}
}

@article{di2009multilevel,
  title={Multilevel functional principal component analysis},
  author={Di, C and Crainiceanu, C and Caffo, B and Punjabi, N},
  year=2009,
  journal={Annals of Applied Statistics, PMCID: PMC2835171},
  volume = {3},
  number=1,
  pages={458-488}
}


@Article{goldsmith,
  author = {Goldsmith, J and Crainiceanu, C and Caffo, B and Reich, D},
  title = {Longitudinal penalized functional regression for cognitive outcomes on neuronal tract measurements},
  journal = {Journal of the Royal Statistical Society Series C, PMCID: PMC3366511},
  year = {2012},
  number=61,
  pages = {453--469}
}

@Article{goldsmithAAS,
author = {Goldsmith, J and Caffo, B and Crainiceanu, C and Reich, D and Du, Y and Hendrix, C},
title = {Nonlinear tube-fitting for the analysis of anatomical and functional structures},
journal = {Annals of Applied Statistics, PMCID: PMC3119905},
     YEAR = {2011},
    VOLUME = {5},
    NUMBER = {1},
     PAGES = {337-363},
      ISSN = {1932-6157},
     ARXIV = {1104.3005},
      SICI = {1932-6157(2011)5:1<337:NTFTAO>2.0.CO;2-E}
}

@article{doi:10.1198/jcgs.2010.10007,
author = {Goldsmith, J and Bobb, J and Crainiceanu, C and Caffo, B and Reich, D},
title = {Penalized Functional Regression},
journal = {Journal of Computational and Graphical Statistics},
volume = {20},
number = {4},
pages = {830-851},
year = {2011},
URL = {http://pubs.amstat.org/doi/abs/10.1198/jcgs.2010.10007},
eprint = {http://pubs.amstat.org/doi/pdf/10.1198/jcgs.2010.10007}
}


@article{Goldsmith2011431,
title = "Penalized functional regression analysis of white-matter tract profiles in multiple sclerosis",
journal = "NeuroImage",
volume = "57",
number = "2",
pages = "431 - 439",
year = "2011",
note = "",
issn = "1053-8119",
url = "http://www.sciencedirect.com/science/article/pii/S1053811911004435",
author = "Goldsmith, J and Crainiceanu, C and Caffo, B and Reich, D",
keywords = "Multiple sclerosis",
keywords = "Diffusion tensor imaging",
keywords = "Magnetization transfer ratio",
keywords = "Regression methods",
keywords = "Functional data analysis"
}

@Article{greven,
author = {Greven, S and Crainiceanu, C and Caffo, B and Reich, D},
title = {Longitudinal functional principal components analysis},
journal = {Electronic Journal of Statistics, PMCID: PMC3131008},
year = {2010},
   volume = {4},
     pages = {1022-1054}
     }

@article{guilarte2008dysregulation,
  title={Dysregulation of Glutamate Carboxypeptidase {II} in Psychiatric Disease},
  author={Guilarte, T and Hammoud, D and McGlothan, J and Caffo, B and Foss, C and Kozikowski, A and Pomper, M},
  journal={Schizophrenia Research, PMCID: PMC2287371},
  volume={99},
  number={1-3},
  pages={324--332},
  year={2008},
  publisher={NIH Public Access}
}

@Article{hao,
  author = 	 {Wu, H and Caffo, B and Jaffee, H and Feinberg, A and Irizarry, R },
  title = 	 {Redefining {CpG} Islands Using a Hidden {M}arkov Models},
  journal = 	 {Biostatistics, PMCID: PMC2883304},
  volume = {11},
  number = {3},
  pages = {499--514},
  year = 	 2010}


@article{harrison,
title={Longitudinal changes in diffusion-tensor-based quantitative {MRI} in multiple sclerosis},
author={Harrison, D and Caffo, B and Shiee, N and Farrell, J
Bazin, P and Farrell, S and Ratchford, J and Calabresi, P and Reich, D},
volume = {76},
journal={Neurology, PMCID: PMC3030233},
pages = {179--186},
year=2011
}

@article{hartzel2001multinomial,
  title={Multinomial logit random effects models},
  author={Hartzel, J and Agresti, A and Caffo, B},
  journal={Statistical Modelling},
  volume={1},
  number={2},
  pages={81},
  year={2001}
}

@article{he2008toward,
  title={Toward Realistic and Practical Ideal Observer (IO) Estimation for the Optimization of Medical Imaging Systems},
  author={He, X and Caffo, B and Frey, E},
  journal={IEEE Transactions on Medical Imaging, PMCID: PMC2739397},
  volume={27},
  number={10},
  pages={1535--1543},
  year={2008}
}

@article{hedlin2009covariate,
  title={Covariate-adjusted nonparametric analysis of magnetic resonance images using {M}arkov chain {M}onte {C}arlo},
  author={Hedlin, H and Caffo, B and Mahfoud, Z and Bassett, S},
  journal={Statistics and its Interface, NIHMSID: 210823},
  volume = 3,
  number = 1,
  pages = {113-123},
  year={2010}
}

@Article{james,
author = {James, B and Caffo, B and Stewart, W and Yousem, D and Davatzikos, C and Schwartz, B},
title = {Genetic risk factors for longitudinal changes in structural {MRI} in former organolead workers},
journal = {Journal of Aging Research, PMCID: PMC3199062},
year = {2012}
}

@article{jones2006fixed,
  title={Fixed-width output analysis for {M}arkov chain {M}onte {C}arlo},
  author={Jones, G and Haran, M and Caffo, B and Neath, R},
  journal={Journal of the American Statistical Association},
  volume={101},
  number={476},
  pages={1537--1547},
  year={2006},
  publisher={ASA}
}

@article {ANA:ANA22452,
author = {Krauss, G and Caffo, B and Chang, Y and Hendrix, C and Chuang, K},
title = {Assessing bioequivalence of generic antiepilepsy drugs},
journal = {Annals of Neurology, NIHMSID: 286919},
volume = {70},
number = {2},
publisher = {Wiley Subscription Services, Inc., A Wiley Company},
issn = {1531-8249},
url = {http://dx.doi.org/10.1002/ana.22452},
pages = {221--228},
year = {2011},
}

@article{laffan2010utility,
  title={Utility of sleep stage transitions in assessing sleep continuity},
  author={Laffan, A and Caffo, B and Swihart, B and Punjabi, N},
  journal={Sleep, PMCID: PMC2982738},
  volume={33},
  number={12},
  pages={1681},
  issn={0161-8105},
  year={2010}
}

@article{lauzon2009easy,
  title={Easy Multiplicity Control in Equivalence Testing Using Two One-Sided Tests},
  author={Lauzon, C and Caffo, B},
  journal={The American Statistician, PMCID: PMC2800314},
  volume={63},
  number={2},
  pages={147--154},
  year={2009},
  publisher={ASA}
}

@article{li2007potential,
  title={On the potential for ill logic with logically defined outcomes},
  author={Li, X and Caffo, B and Scharfstein, D},
  journal={Biostatistics},
  volume={8},
  number={4},
  pages={800},
  year={2007}
}

@Article{li3,
author = {Li, X and Caffo, B},
title = {Comparison of proportions for composite endpoints with missing components},
journal = {Journal of Biopharmaceutical Statistics, PMCID: PMC3157149},
year = {2011},
volume = {21},
pages = {271--281}
}

@article {AJT:AJT3735,
author = {Massie, A and Caffo, B and Gentry, S and Hall, E and Axelrod, D and Lentine, K and Schnitzler, M and Gheorghian, A and Salvalaggio, P and Segev, D},
title = {{MELD} Exceptions and Rates of Waiting List Outcomes},
journal = {American Journal of Transplantation, PMCID: PMC3229963},
volume = {11},
number = {11},
publisher = {Blackwell Publishing Inc},
issn = {1600-6143},
url = {http://dx.doi.org/10.1111/j.1600-6143.2011.03735.x},
pages = {2362--2371},
keywords = {Liver transplantation, MELD score, organ allocation},
year = {2011},
}


@article{mostofsky2009decreased,
  title={Decreased connectivity and cerebellar activity in autism during motor task performance},
  author={Mostofsky, S and Powell, S and Simmonds, D and Goldberg, M and Caffo, B and Pekar, J},
  journal={Brain, PMCID: PMC2732264},
  volume={132},
  number={9},
  pages={2413--2425},
  year={2009},
  publisher={Oxford Univ Press}
}

@article{nazarian2011AI,
  title={Prospective study to assess the safety of a protocol for magnetic resonance imaging of patients with implanted cardiac devices},
  author={Nazarian, S and Hansford, R and Roguin, A and Goldsher, D and Zviman, M and Lardo, A and Caffo, B and Frick, K and Kraut, M and Kamel, I and Calkins, H and Berger, R and Bluemke, D and Halperin, H},
  journal={Annals of Interal Medicine},
 volume={155},
  number={7},
  pages={415--424},
  year={2011},
  publisher={American College of Physicians}
}

@Article{nazarian:qrs,
  author = 	 {Nazarian, S and Bluemke, D and Wagner, K and Zviman, M and Turkbey, E and Caffo, B and Shehata, M and Edwards,D 
and Butcher, B and Calkins, H and Berger, R and Halperin, H and Tomaselli, G},
  title = 	 {{QRS} Prolongation in Myotonic Muscular Dystrophy and Diffuse Fibrosis on Cardiac Magnetic Resonance },
  journal = 	 {Magnetic Resonance in Medicine, PMCID: PMC3034129},
  volume = {64},
  number = {1},
  pages = {107--114},
  year = 	 2010}

@article{ndovi2006quantitative,
  title={Quantitative assessment of seminal vesicle and prostate drug concentrations by use of a noninvasive method},
  author={Ndovi, T and Choi, L and Caffo, B and Parsons, T and Baker, S and Zhao, M and Rohde, C and Hendrix, C},
  journal={Clinical Pharmacology \& Therapeutics},
  volume={80},
  number={2},
  pages={146--158},
  year={2006},
  publisher={Nature Publishing Group}
}

@article{ndovi2007new,
  title={A new method to estimate quantitatively seminal vesicle and prostate gland contributions to ejaculate},
  author={Ndovi, T and Parsons, T and Choi, L and Caffo, B and Rohde, C and Hendrix, C},
  journal={British Journal of Clinical Pharmacology, PMCID: PMC2203235},
  volume={63},
  number={4},
  pages={404-420},
  year={2007},
  publisher={Blackwell Publishing}
}

@Article{nicole2,
author = {Louissaint, N and Nimmagadda, S and Fuchs, E and Bashki, R and Cao, Y and 
Lee, L and Goldsmith, J and Caffo, B and Du, Y and King, K and Menendez, F and Torbenson, M and Hendrix, C},
title = {Distribution of Cell-free and Cell-associated {HIV} surrogates in the Colon Following Simulated Receptive Anal Intercourse in Healthy Men},
journal = {Journal of Acquired Immune Defficiency Syndromes, Basic and Translational Science},
volume = {59},
number = {1},
pages = {10--17},
year = {2011}
}

@article{o2009prospective,
  title={Prospective Study of Sleep-disordered Breathing and Hypertension: {The Sleep Heart Health Study}},
  author={O'Connor, G and Caffo, B and Newman, A and Quan, S and Rapoport, D and Redline, S and Resnick, H and Samet, J and Shahar, E},
  journal={American Journal of Respiratory and Critical Care Medicine, PMCID: PMC2695498},
  volume={179},
  number={12},
  pages={1159--1164},
  year={2009},
  publisher={Am Thoracic Soc}
}

@Article{punjabi,
  author = 	 {Punjabi, N and Caffo, B and Goodwin, J and Gottlieb,
                  D and Newman, A and O'Connor, G and Rapoport, D and
                  Redline, S and Resnick, H and Robbins, J and Samet,
                  J and Shahar, E and Unruh, M},
  title = 	 { Sleep-disordered Breathing and Mortality: a
                  Prospective Cohort Study},
  journal = 	 {PLOS Medicine, PMCID: PMC2722083},
  year=2009,
volume=6,
issue = 8
}

@article{doi:10.1198/jasa.2011.ap10089,
author = {Crainiceanu, C and Caffo, B and Luo, S and Zipunnikov, V and Punjabi, N},
title = {Population value decomposition, a framework for the analysis of image populations},
journal = {Journal of the American Statistical Association, with discussion and rejoinder},
volume = {106},
number = {495},
pages = {775-790},
year = {2011},
URL = {http://pubs.amstat.org/doi/abs/10.1198/jasa.2011.ap10089},
eprint = {http://pubs.amstat.org/doi/pdf/10.1198/jasa.2011.ap10089}
}


@article{redgrave2008differential,
  title={Differential brain activation in anorexia nervosa to Fat and Thin words during a {S}troop task},
  author={Redgrave, G and Bakker, A and Bello, N and Caffo, B and Coughlin, J and Guarda, A and McEntee, J and Pekar, J and Reinblatt, S and Verduzco, G and Moran, T},
  journal={NeuroReport, PMCID: PMC2891098},
  volume={19},
  number={12},
  pages={1181--1185},
  year={2008}
}

@Article{reich2,
   author = 	 {Ozturk, A and Smith, S and Gordon-Lipkin, E and Harrison, D and Shiee, N and Pham, D and Caffo, B and Calabresi, P and Reich, D},
   title = 	 {{MRI} of the Corpus Callosum in Multiple Sclerosis: Association with Disability},
   journal = 	 {Multiple Sclerosis, PMCID: PMC2820126},
   year = 	 2010,
   volume = 16,
   number = 2,
   pages = {166--177}
}

@article{reich2009damage,
  title={Damage to the Optic Radiation in Multiple Sclerosis Is Associated With Retinal Injury and Visual Disability},
  author={Reich, D and Smith, S and Gordon-Lipkin, E and Ozturk, A and Caffo, B and Balcer, L and Calabresi, P},
  journal={Archives of Neurology, PMCID: PMC2784485},
  volume={66},
  number={8},
  pages={998--1006},
  year={2009},
  publisher={Am Med Assoc}
}


@article{scharfstein2008accounting,
  title={Accounting for within-patient correlation in assessing relative sensitivity of an adjunctive diagnostic test: Application to lung cancer},
  author={Scharfstein, D and Ryea, J and Caffo, B},
  journal={Statistics in Medicine},
  volume={27},
  number={12},
  pages={2110--2126},
  year={2008},
  publisher={John Wiley \& Sons, Ltd Chichester, UK}
}

@article{schwartz2007relations,
  title={Relations of brain volumes with cognitive function in males 45 years and older with past lead exposure},
  author={Schwartz, B and Chen, S and Caffo, B and Stewart, W and Bolla, K and Yousem, D and Davatzikos, C},
  journal={Neuroimage, PMCID: PMC2038986},
  volume={37},
  number={2},
  pages={633--641},
  year={2007},
  publisher={Elsevier}
}

@article{schwartz2010evaluation,
  title={Evaluation of Cumulative Lead Dose and Longitudinal Changes in Structural Magnetic Resonance Imaging in Former Organolead Workers},
  author={Schwartz, B and Caffo, B and Stewart, W and Hedlin, H and James, B and Yousem, D and Davatzikos, C},
  journal={Journal of Occupational and Environmental Medicine, PMCID: PMC2869464},
  volume={52},
  number={4},
  pages={407--414},
  year={2010}
}

@article{segev2010perioperative,
  title={Perioperative Mortality and Long-term Survival Following Live Kidney Donation},
  author={Segev, D and Muzaale, A and Caffo, B and Mehta, S and Singer, A and Taranto, S and McBride, M and Montgomery, R},
  journal={Journal of the American Medical Association, NIHMSID: 316358},
  volume={303},
  number={10},
  pages={959--966},
  year={2010},
  publisher={Am Med Assoc}
}

@article{stamatakis2008fasting,
  title={Fasting Glycemia in Sleep Disordered Breathing: Lowering the Threshold on Oxyhemoglobin Desaturation},
  author={Stamatakis, K and Sanders, M and Caffo, B and Resnick, H and Gottlieb, D and Mehra, R and Punjabi, N},
  journal={Sleep, PMCID: PMC2491502},
  volume={31},
  number={7},
  pages={1018--1024},
  year={2008},
  publisher={American Academy of Sleep Medicine}
}

@article{su2009modified,
  title={Modified test statistics by inter-voxel variance shrinkage with an application to {fMRI}},
  author={Su, S and Caffo, B and Garrett-Mayer, E and Bassett, S},
  journal={Biostatistics, NIHMSID: 316409},
  volume={10},
  number={2},
  pages={219-227},
  year={2009}
}

@article {MRM:MRM22818,
author = {Joel, S. and Caffo, B and van Zijl, P and Pekar, J},
title = {On the relationship between seed-based and {ICA}-based measures of functional connectivity},
journal = {Magnetic Resonance in Medicine},
volume = {66},
number = {3},
publisher = {Wiley Subscription Services, Inc., A Wiley Company},
issn = {1522-2594},
url = {http://dx.doi.org/10.1002/mrm.22818},
pages = {644--657},
keywords = {blood oxygenation level dependent fMRI, functional connectivity, seed-based connectivity, ICA, within network connectivity, between network connectivity},
year = {2011},
}

@article{suskauer2008fmri,
  title={{fMRI} of Intrasubject Variability in ADHD: Anomalous Premotor Activity With Prefrontal Compensation},
  author={Suskauer, S and Simmonds, D and Caffo, B and Denckla, M and Pekar, J and Mostofsky, S},
  journal={Journal of American Academy of Child \& Adolescent Psychiatry, NIHMSID: 71813},
  volume={47},
  number={10},
  pages={1141--1150},
  year={2008}
}

@article{swihart2008quantitative,
  title={Characterizing Sleep Structure Using the Hypnogram},
  author={Swihart, B and Caffo, B and Bandeen-Roche, K and Punjabi, N},
  journal={Journal of Clinical Sleep Medicine, PMCID: PMC2542492},
  volume={4},
  number={4},
  pages={349--355},
  year={2008}
}

@article{swihart2009lasagna,
  title={Lasagna plots: A Saucy alternative to spaghetti plots},
  author={Swihart, B. and Caffo, B. and James, B. and Strand, M. and Schwartz, B. and Punjabi, N.},
  journal={Epidemiology},
  volume={21},
  number ={5},
  pages={621--625},
  year=2010
}

@article {SIM:SIM4457,
author = {Swihart, B and Caffo, B and Crainiceanu, C and Punjabi, N},
title = {Mixed effect {P}oisson log-linear models for clinical and epidemiological sleep hypnogram data},
journal = {Statistics in Medicine, NIHMSID: 386708},
volume = {31},
number = {9},
publisher = {John Wiley & Sons, Ltd},
issn = {1097-0258},
url = {http://dx.doi.org/10.1002/sim.4457},
pages = {855--870},
keywords = {multi-state models, recurrent event, competing risks, survival analysis, frailties, sleep, hypnogram},
year = {2012},
}

@Article{takiPCA,
author = {Shinohara, R and Crainiceanu, C and Caffo, B and Gaitan, M and Reich, D},
title = {Population-wide principal component-based quantification of blood-brain-barrier dynamics in multiple sclerosis},
journal = {Neuroimage, PMCID: PMC3138825},
year = {2011},
volume = {57},
number = {4},
pages = {1430 -- 1446},
}

@Article{vadimHDMFPCA,
author = {Zipunnikov, V and Caffo, B and Crainiceanu, C
Yousem, D and Davatzikos, C and Schwartz, B},
title = {Multilevel functional principal component analysis for high-dimensional data},
year = {2011},
journal = {Journal of Computational and Graphical Statistics, PMCID: PMC3169674},
volume = {20},
number = {4},
pages = {852--873}
}

@Article{vadimNI,
  author = 	 {Zipunnikov, V and Caffo, B and Yousem, D and Davatzikos, C and Schwartz, B and Crainiceanu, C},
  title = 	 {Functional principal components model for high-dimensional brain imaging},
  journal = 	 {Neuroimage, NIHSMID: 316403},
  year = 	 2011,
  volume = {58},
  number = {3},
  pages = {772 -- 784},
}

@article{yousem2009intelligence,
  title={Intelligence and Medial Temporal Lobe Function in Older Adults: A Functional MR Imaging-Based Investigation},
  author={Yousem, D and Yassa, M and Cristinzio, C and Kusevic, I and Mohamed, M and Caffo, B and Bassett, S},
  journal={American Journal of Neuroradiology, PMCID: PMC2843089},
  volume={30},
  number={8},
  pages={1477--1481},
  year={2009},
  publisher={Am Soc Neuroradiology}
}

@article{zhang2006cigarette,
  title={Cigarette smoking and nocturnal sleep architecture},
  author={Zhang, L and Samet, J and Caffo, B and Punjabi, N},
  journal={American Journal of Epidemiology},
  volume={164},
  number={6},
  pages={529},
  year={2006},
  publisher={Oxford Univ Press}
}

@article{zhang2008power,
  title={Power Spectral Analysis of {EEG} Activity During Sleep in Cigarette Smokers},
  author={Zhang, L and Samet, J and Caffo, B and Bankman, I and Punjabi, N},
  journal={Chest},
  volume={133},
  number={2},
  pages={427--432},
  year={2008},
  publisher={Am Coll Chest Phys}
}





