@InBook{caffoneuroscience,
chapter = {A survey of statistics in the neurological sciences with a focus on human neuroimaging},
author = {Caffo, B and Zhao, Y and Eloyan, A and Wang, Z and Mejia, A and Lindquist, M},
year = 2018,
title = {Wiley Statistics Reference Online},
publisher = {Wiley}
}

@InBook{caffo1,
  author = 	 {Caffo, B and Bowman, D and Eberly, L and Bassett, S},
  chapter= 	 {A {M}arkov Chain {M}onte {C}arlo Based Analysis of a Multilevel 
Model for Functional {MRI} Data},
  title = 	 {The Handbook of Markov Chain Monte Carlo edited by Steve Brooks and Andrew Gelman and Galin Jones and Xiao-Li Meng},
  year = 	 2011,
 publisher = {CRC Press}
}



@InBook{caffo2,
  author = 	 {Caffo, B and Peng, R and Dominici, F and Louis, T and Zeger, S},
  chapter = 	 {Parallel {MCMC} for Analyzing Distributed Lag Models With Systematic 
Missing Data for an Application in Environmental Epidemiology},
   title = 	 {The Handbook of Markov Chain Monte Carlo edited by Steve Brooks and Andrew Gelman and Galin Jones and Xiao-Li Meng},
  year = 	 {2011},
publisher = {CRC Press},
isbn = {1420079417}
}

@InBook{caffo3,
  author = 	 {Crainiceanu, C and Caffo, B and Morris, J},
  ALTeditor = 	 {Brian Marx},
  title = 	 {Sage Handbook of Multilevel Modeling},
  chapter = 	 {Multilevel Functional Data Analysis},
  publisher = 	 {Sage Publishing},
  year = 	 {2011}
}
