
@Article{martin,
  author = 	 {Lindquist, M and Caffo, B and Crainiceanu, C},
  title = 	 {Ironing out the statistical wrinkles in '{Ten Ironic Rules}'},
  journal = 	 {Accepted in Neuroimage},
  year = 	 {2013}
}


@article{agresti2000random,
  title={Random-effects modeling of categorical response data},
  author={Agresti, A and Booth, J and Hobert, J and Caffo, B},
  journal={Sociological Methodology},
  year={2000},
  pages={27--80},
  volume={30},
  publisher={Blackwell Publishers}
}
  
@article{agresti2000simple,
  title={Simple and effective confidence intervals for proportions and differences of proportions result from adding two successes and two failures},
  author={Agresti, A and Caffo, B},
  journal={The American Statistician},
  volume={54},
  number={4},
  pages={280--288},
  year={2000},
  publisher={American Statistical Association}
}

@article{caffo2003monte,
  title={{M}onte {C}arlo conditional inference for log-linear and logistic models: a survey of current methodology},
  author={Caffo, B and Booth, J},
  journal={Statistical Methods in Medical Research},
  volume={12},
  number={2},
  pages={109},
  year={2003}
}

@article{caffo2006user,
  title={A user-friendly tutorial on link-probit-normal models},
  author={Caffo, B and Griswold, M},
  journal={The American Statistician},
  volume={60},
  pages={139--145},
  year={2006}
}

@article{caffo2009overview,
  title={An overview of observational sleep research with application to sleep stage transitioning},
  author={Caffo, B and Swihart, B and Crainiceanu, C and Laffan, A and Punjabi, N},
  journal={Chance, PMCID: PMC2800358},
  volume={22},
  number={1},
  pages={10--15},
  year={2009},
  publisher={Springer}
}

@article{choi2008survey,
  title={A survey of the likelihood approach to bioequivalence trials},
  author={Choi, L and Caffo, B and Rohde, C},
  journal={Statistics in Medicine, PMCID: PMC2778077},
  volume={27},
  number={24},
  year={2008},
  pages={4874--4894},
  publisher={John Wiley \& Sons, Ltd Chichester, UK}
}

@article{li2007potential,
  title={On the potential for ill logic with logically defined outcomes},
  author={Li, X and Caffo, B and Scharfstein, D},
  journal={Biostatistics},
  volume={8},
  number={4},
  pages={800},
  year={2007}
}

@article{swihart2009lasagna,
  title={Lasagna plots: A Saucy alternative to spaghetti plots},
  author={Swihart, B. and Caffo, B. and James, B. and Strand, M. and Schwartz, B. and Punjabi, N.},
  journal={Epidemiology},
  volume={21},
  number ={5},
  pages={621--625},
  year=2010
}

@article{caffo2006exact,
  title={Exact Hypothesis Tests for Log-linear Models with {exactLoglinTest}},
  author={Caffo, B},
  journal={Journal of Statistical Software},
  volume={17},
  number={7},
  pages={1--17},
  year={2006}
}

@InBook{caffo1,
  author = 	 {Caffo, B and Bowman, D and Eberly, L and Bassett, S},
  chapter= 	 {A {M}arkov Chain {M}onte {C}arlo Based Analysis of a Multilevel 
Model for Functional {MRI} Data},
  title = 	 {The Handbook of Markov Chain Monte Carlo edited by Steve Brooks and Andrew Gelman and Galin Jones and Xiao-Li Meng},
  year = 	 2011,
 publisher = {CRC Press}
}



@InBook{caffo2,
  author = 	 {Caffo, B and Peng, R and Dominici, F and Louis, T and Zeger, S},
  chapter = 	 {Parallel {MCMC} for Analyzing Distributed Lag Models With Systematic 
Missing Data for an Application in Environmental Epidemiology},
   title = 	 {The Handbook of Markov Chain Monte Carlo edited by Steve Brooks and Andrew Gelman and Galin Jones and Xiao-Li Meng},
  year = 	 {2011},
publisher = {CRC Press},
isbn = {1420079417}
}

@InBook{caffo3,
  author = 	 {Crainiceanu, C and Caffo, B and Morris, J},
  ALTeditor = 	 {Brian Marx},
  title = 	 {To appear in the Sage Handbook of Multilevel Modeling},
  chapter = 	 {Multilevel Functional Data Analysis},
  publisher = 	 {Sage Publishing},
  year = 	 {2011}
}
